@preamble{ "\newcommand{\noopsort}[1]{} "
	# "\newcommand{\printfirst}[2]{#1} "
	# "\newcommand{\singleletter}[1]{#1} "
	# "\newcommand{\switchargs}[2]{#2#1} " }


@ARTICLE{Breiman,
    author = {Leo Breiman Statistics and Leo Breiman},
    title = {Random Forests},
    booktitle = {Machine Learning},
    year = {2001},
    pages = {5--32}
}

@article{tumorprediction,
  title={Machine learning applications in cancer prognosis and prediction},
  author={Kourou, Konstantina and Exarchos, Themis P and Exarchos, Konstantinos P and Karamouzis, Michalis V and Fotiadis, Dimitrios I},
  journal={Computational and structural biotechnology journal},
  volume={13},
  pages={8--17},
  year={2015},
  publisher={Elsevier}
}

@article{netflixprize,
  title={The bellkor solution to the netflix grand prize},
  author={Koren, Yehuda},
  journal={Netflix prize documentation},
  volume={81},
  pages={1--10},
  year={2009}
}

@inproceedings{deepface,
  title={Deepface: Closing the gap to human-level performance in face verification},
  author={Taigman, Yaniv and Yang, Ming and Ranzato, Marc'Aurelio and Wolf, Lior},
  booktitle={Proceedings of the IEEE Conference on Computer Vision and Pattern Recognition},
  pages={1701--1708},
  year={2014}
}

@misc{kaggledirectory,
  title={Kaggle: How to manage machine learning projects},
  author={Kaggle},
  howpublished={\url{https://www.kaggle.com/forums/f/15/kaggle-forum/t/4815/how-to-manage-machine-learning-projects?forumMessageId=25484#post25484}},
  note={Accessed 2016-12-03}
}

@book{introtoml,
  title={Introduction to machine learning},
  author={Alpaydin, Ethem},
  year={2014},
  publisher={MIT press}
}

@book{introtorl,
  title={Introduction to reinforcement learning},
  author={Sutton, Richard S and Barto, Andrew G},
  volume={135},
  year={1998},
  publisher={MIT Press Cambridge}
}

@unpublished{deeplearningbook,
    title={Deep Learning},
    author={Ian Goodfellow and Yoshua Bengio and Aaron Courville},
    note={Book in preparation for MIT Press},
    url={http://www.deeplearningbook.org},
    year={2016}
}

@book{introtostatlearn,
  title={An introduction to statistical learning},
  author={James, Gareth and Witten, Daniela and Hastie, Trevor and Tibshirani, Robert},
  volume={6},
  year={2013},
  publisher={Springer}
}

@incollection{NIPS2014_5234, 
    Publisher = {Curran Associates, Inc.}, 
    Author = {Balaji Lakshminarayanan and Daniel M. Roy and Yee W. Teh}, 
    Url = {http://papers.nips.cc/paper/5234-mondrian-forests-efficient-online-random-forests.pdf}, 
    Booktitle = {Advances in Neural Information Processing Systems 27}, 
    Title = {Mondrian Forests: Efficient Online Random Forests}, 
    Editor = {Z. Ghahramani and M. Welling and C. Cortes and N.d. Lawrence and K.q. Weinberger}, 
    Year = {2014}, 
    Pages = {3140--3148} 
}

@inproceedings{Dietterich,
 author = {Dietterich, Thomas G.},
 title = {Ensemble Methods in Machine Learning},
 booktitle = {Proceedings of the First International Workshop on Multiple Classifier Systems},
 series = {MCS '00},
 year = {2000},
 isbn = {3-540-67704-6},
 pages = {1--15},
 numpages = {15},
 url = {http://dl.acm.org/citation.cfm?id=648054.743935},
 acmid = {743935},
 publisher = {Springer-Verlag},
 address = {London, UK, UK},
}

@MISC{Saffari,
    author = {Amir Saffari and Christian Leistner and Jakob Santner and Martin Godec and Horst Bischof},
    title = {On-line Random Forests},
    year = {}
}

@inproceedings{Denil,
  added-at = {2013-11-19T00:00:00.000+0100},
  author = {Denil, Misha and Matheson, David and de Freitas, Nando},
  biburl = {http://www.bibsonomy.org/bibtex/2a9a5d60c7d1fb2f25586ef55a3590e8e/dblp},
  booktitle = {ICML (3)},
  ee = {http://jmlr.org/proceedings/papers/v28/denil13.html},
  interhash = {2739dfcf7f7a775111529f587c1141c5},
  intrahash = {a9a5d60c7d1fb2f25586ef55a3590e8e},
  keywords = {dblp},
  pages = {1256-1264},
  publisher = {JMLR.org},
  series = {JMLR Proceedings},
  timestamp = {2015-06-19T11:34:08.000+0200},
  title = {Consistency of Online Random Forests.},
  url = {http://dblp.uni-trier.de/db/conf/icml/icml2013.html#DenilMF13},
  volume = 28,
  year = 2013
}

@inproceedings{Domingos,
 author = {Domingos, Pedro and Hulten, Geoff},
 title = {Mining High-speed Data Streams},
 booktitle = {Proceedings of the Sixth ACM SIGKDD International Conference on Knowledge Discovery and Data Mining},
 series = {KDD '00},
 year = {2000},
 isbn = {1-58113-233-6},
 location = {Boston, Massachusetts, USA},
 pages = {71--80},
 numpages = {10},
 url = {http://doi.acm.org/10.1145/347090.347107},
 doi = {10.1145/347090.347107},
 acmid = {347107},
 publisher = {ACM},
 address = {New York, NY, USA},
 keywords = {Hoeffding bounds, decision trees, disk-based algorithms, incremental learning, subsampling},
} 


@inproceedings{Bifet,
 author = {Bifet, Albert and Holmes, Geoff and Pfahringer, Bernhard and Kirkby, Richard and Gavald\`{a}, Ricard},
 title = {New Ensemble Methods for Evolving Data Streams},
 booktitle = {Proceedings of the 15th ACM SIGKDD International Conference on Knowledge Discovery and Data Mining},
 series = {KDD '09},
 year = {2009},
 isbn = {978-1-60558-495-9},
 location = {Paris, France},
 pages = {139--148},
 numpages = {10},
 url = {http://doi.acm.org/10.1145/1557019.1557041},
 doi = {10.1145/1557019.1557041},
 acmid = {1557041},
 publisher = {ACM},
 address = {New York, NY, USA},
 keywords = {concept drift, data streams, decision trees, ensemble methods},
}

@inproceedings{Abdulsalam,
 author = {H. Abdulsalam, D. B. Skillicorn, P. Martin},
 title = {Streaming Random Forests},
 booktitle = {Database Engineering and Applications Symposium, 2007},
 series = {IDEAS 2007},
 year = {2007},
 isbn = {978-0-7695-2947-9},
 location = {Banff, Alta.},
 pages = {225--232},
 numpages = {8},
 url = {http://ieeexplore.ieee.org/stamp/stamp.jsp?tp=&arnumber=4318108},
 doi = {10.1109/IDEAS.2007.4318108},
 publisher = {IEEE Xplore Digital Library},
}

@misc{Plane,
  author = {US Department of Transportation},
  title = {Airline On-Time Statistics and Delay Causes},
  year = 2015,
  url = {http://www.transtats.bts.gov/ot_delay/ot_delaycause1.asp?display=data&pn=1},
  urldate = {2010-09-30}
}

@misc{Homesite,
  title = {Homesite Quote Conversion},
  author = {Kaggle},
  url = {https://www.kaggle.com/c/homesite-quote-conversion},
  note = {Accessed: 2016-04-14}
}

@misc{Otto,
  title = {Otto Group Product Classification Challenge},
  author = {Kaggle},
  url = {https://www.kaggle.com/c/otto-group-product-classification-challenge},
  note = {Accessed: 2016-04-28}
}

@misc{Bikeshare,
  title = {Bike Sharing Dataset Data Set},
  author = {UCI Machine Learning Repository},
  url = {https://archive.ics.uci.edu/ml/datasets/Bike+Sharing+Dataset},
  note = {Accessed: 2016-05-04}
}
